@INPROCEEDINGS{2017AAS...22915516P,
       author = {{Parsons}, Zackary},
        title = "{Wide Band Artificial Pulsar}",
    booktitle = {American Astronomical Society Meeting Abstracts \#229},
         year = 2017,
       series = {American Astronomical Society Meeting Abstracts},
       volume = {229},
        month = jan,
          eid = {155.16},
        pages = {155.16},
       adsurl = {https://ui.adsabs.harvard.edu/abs/2017AAS...22915516P},
      adsnote = {Provided by the SAO/NASA Astrophysics Data System}
}

@INPROCEEDINGS{2011AAS...21723406S,
       author = {{Singleton}, John and {Schmidt}, A. and {Wang}, Z. and {Marksteiner}, Q. and {Ardavan}, H. and {Middleditch}, J. and {Sengupta}, P.},
        title = "{Comparisons between Ground-based, Artifical ''Pulsars{\textquotedblright} and Data from the Parkes Multibeam Survey}",
    booktitle = {American Astronomical Society Meeting Abstracts \#217},
         year = 2011,
       series = {American Astronomical Society Meeting Abstracts},
       volume = {217},
        month = jan,
          eid = {234.06},
        pages = {234.06},
       adsurl = {https://ui.adsabs.harvard.edu/abs/2011AAS...21723406S},
      adsnote = {Provided by the SAO/NASA Astrophysics Data System}
}
